<?xml version="1.0" encoding="UTF-8"?>
  <record xmlns="http://www.loc.gov/MARC21/slim" type="Authority">
    <leader>00000nz  a2200000nc 4500</leader>
    <controlfield tag="001">100967396</controlfield>
    <controlfield tag="003">DE-101</controlfield>
    <controlfield tag="005">20210428003113.0</controlfield>
    <controlfield tag="008">910104n||azznnaabn           | aaa    |c</controlfield>
    <datafield tag="024" ind1="7" ind2=" ">
      <subfield code="a">100967396</subfield>
      <subfield code="0">http://d-nb.info/gnd/100967396</subfield>
      <subfield code="2">gnd</subfield>
    </datafield>
    <datafield tag="035" ind1=" " ind2=" ">
      <subfield code="a">(DE-101)100967396</subfield>
    </datafield>
    <datafield tag="035" ind1=" " ind2=" ">
      <subfield code="a">(DE-588)100967396</subfield>
    </datafield>
    <datafield tag="035" ind1=" " ind2=" ">
      <subfield code="z">(DE-588)115886129X</subfield>
    </datafield>
    <datafield tag="035" ind1=" " ind2=" ">
      <subfield code="z">(DE-588)1089333870</subfield>
    </datafield>
    <datafield tag="035" ind1=" " ind2=" ">
      <subfield code="z">(DE-588)172500117</subfield>
    </datafield>
    <datafield tag="035" ind1=" " ind2=" ">
      <subfield code="z">(DE-588a)172500117</subfield>
      <subfield code="9">v:zg</subfield>
    </datafield>
    <datafield tag="035" ind1=" " ind2=" ">
      <subfield code="z">(DE-588)1090743637</subfield>
    </datafield>
    <datafield tag="035" ind1=" " ind2=" ">
      <subfield code="z">(DE-588)1089927274</subfield>
    </datafield>
    <datafield tag="035" ind1=" " ind2=" ">
      <subfield code="z">(DE-588)1089730446</subfield>
    </datafield>
    <datafield tag="035" ind1=" " ind2=" ">
      <subfield code="z">(DE-588a)100967396</subfield>
      <subfield code="9">v:zg</subfield>
    </datafield>
    <datafield tag="035" ind1=" " ind2=" ">
      <subfield code="z">(DE-588c)7719772-0</subfield>
      <subfield code="9">v:zg</subfield>
    </datafield>
    <datafield tag="040" ind1=" " ind2=" ">
      <subfield code="a">DE-12</subfield>
      <subfield code="c">DE-12</subfield>
      <subfield code="9">r:DE-12</subfield>
      <subfield code="b">ger</subfield>
      <subfield code="d">9999</subfield>
      <subfield code="e">rda</subfield>
    </datafield>
    <datafield tag="042" ind1=" " ind2=" ">
      <subfield code="a">gnd1</subfield>
    </datafield>
    <datafield tag="043" ind1=" " ind2=" ">
      <subfield code="c">XA-IT</subfield>
    </datafield>
    <datafield tag="065" ind1=" " ind2=" ">
      <subfield code="a">7.14p</subfield>
      <subfield code="2">sswd</subfield>
    </datafield>
    <datafield tag="075" ind1=" " ind2=" ">
      <subfield code="b">p</subfield>
      <subfield code="2">gndgen</subfield>
    </datafield>
    <datafield tag="075" ind1=" " ind2=" ">
      <subfield code="b">piz</subfield>
      <subfield code="2">gndspec</subfield>
    </datafield>
    <datafield tag="079" ind1=" " ind2=" ">
      <subfield code="a">g</subfield>
      <subfield code="q">s</subfield>
      <subfield code="q">f</subfield>
      <subfield code="q">n</subfield>
      <subfield code="q">a</subfield>
      <subfield code="q">d</subfield>
      <subfield code="u">w</subfield>
      <subfield code="u">o</subfield>
    </datafield>
    <datafield tag="100" ind1="0" ind2=" ">
      <subfield code="a">Dinus</subfield>
      <subfield code="c">Mugellanus</subfield>
      <subfield code="d">1253-1303</subfield>
    </datafield>
    <datafield tag="400" ind1="0" ind2=" ">
      <subfield code="a">Dinus</subfield>
      <subfield code="c">de Mugello</subfield>
      <subfield code="d">1253-1303</subfield>
    </datafield>
    <datafield tag="400" ind1="1" ind2=" ">
      <subfield code="a">Rossonis Mugellanus, Dinus &#152;de&#156;</subfield>
      <subfield code="d">1253-1303</subfield>
    </datafield>
    <datafield tag="400" ind1="1" ind2=" ">
      <subfield code="a">Rossoni, Dino</subfield>
      <subfield code="d">1253-1303</subfield>
    </datafield>
    <datafield tag="400" ind1="1" ind2=" ">
      <subfield code="a">Rosoni, Dino</subfield>
      <subfield code="d">1253-1303</subfield>
    </datafield>
    <datafield tag="400" ind1="1" ind2=" ">
      <subfield code="a">Mugellanus, Dinus</subfield>
      <subfield code="d">1253-1303</subfield>
    </datafield>
    <datafield tag="400" ind1="1" ind2=" ">
      <subfield code="a">Rossonibus, Dinus &#152;de&#156;</subfield>
      <subfield code="d">1253-1303</subfield>
    </datafield>
    <datafield tag="400" ind1="0" ind2=" ">
      <subfield code="a">Dinus</subfield>
      <subfield code="c">de Mugillo</subfield>
      <subfield code="d">1253-1303</subfield>
    </datafield>
    <datafield tag="400" ind1="0" ind2=" ">
      <subfield code="a">Dynus</subfield>
      <subfield code="c">de Mugilo</subfield>
      <subfield code="d">1253-1303</subfield>
    </datafield>
    <datafield tag="400" ind1="0" ind2=" ">
      <subfield code="a">Dino</subfield>
      <subfield code="c">del Mugello</subfield>
      <subfield code="d">1253-1303</subfield>
    </datafield>
    <datafield tag="400" ind1="1" ind2=" ">
      <subfield code="a">Mugillo, Dinus &#152;de&#156;</subfield>
      <subfield code="d">1253-1303</subfield>
    </datafield>
    <datafield tag="400" ind1="1" ind2=" ">
      <subfield code="a">Mugello, Dinus &#152;de&#156;</subfield>
      <subfield code="d">1253-1303</subfield>
    </datafield>
    <datafield tag="400" ind1="1" ind2=" ">
      <subfield code="a">Mugello, Dino &#152;del&#156;</subfield>
      <subfield code="d">1253-1303</subfield>
    </datafield>
    <datafield tag="400" ind1="1" ind2=" ">
      <subfield code="a">Muxellanus, Dinus</subfield>
      <subfield code="d">1253-1303</subfield>
    </datafield>
    <datafield tag="400" ind1="1" ind2=" ">
      <subfield code="a">Muxello, Dinus &#152;de&#156;</subfield>
      <subfield code="d">1253-1303</subfield>
    </datafield>
    <datafield tag="400" ind1="0" ind2=" ">
      <subfield code="a">Dinus</subfield>
      <subfield code="c">de Muxello</subfield>
      <subfield code="d">1253-1303</subfield>
    </datafield>
    <datafield tag="400" ind1="0" ind2=" ">
      <subfield code="a">Dynus</subfield>
      <subfield code="c">de Mucello</subfield>
      <subfield code="d">1253-1303</subfield>
    </datafield>
    <datafield tag="400" ind1="0" ind2=" ">
      <subfield code="a">Dynus</subfield>
      <subfield code="c">de Muselo</subfield>
      <subfield code="d">1253-1303</subfield>
    </datafield>
    <datafield tag="400" ind1="1" ind2=" ">
      <subfield code="a">Mucello, Dynus &#152;de&#156;</subfield>
      <subfield code="d">1253-1303</subfield>
    </datafield>
    <datafield tag="400" ind1="0" ind2=" ">
      <subfield code="a">Dynus</subfield>
      <subfield code="c">de Muxello</subfield>
      <subfield code="d">1253-1303</subfield>
    </datafield>
    <datafield tag="400" ind1="1" ind2=" ">
      <subfield code="a">Muxello, Dynus &#152;de&#156;</subfield>
      <subfield code="d">1253-1303</subfield>
    </datafield>
    <datafield tag="400" ind1="0" ind2=" ">
      <subfield code="a">Dinus</subfield>
      <subfield code="c">de Rossonibus</subfield>
      <subfield code="d">1253-1303</subfield>
    </datafield>
    <datafield tag="400" ind1="1" ind2=" ">
      <subfield code="a">Mugellanus, Dynus</subfield>
      <subfield code="d">1253-1303</subfield>
    </datafield>
    <datafield tag="400" ind1="1" ind2=" ">
      <subfield code="a">Rossonibus, Dynus &#152;de&#156;</subfield>
      <subfield code="d">1253-1303</subfield>
    </datafield>
    <datafield tag="400" ind1="0" ind2=" ">
      <subfield code="a">Dinus</subfield>
      <subfield code="c">de Rossonis</subfield>
      <subfield code="d">1253-1303</subfield>
    </datafield>
    <datafield tag="400" ind1="0" ind2=" ">
      <subfield code="a">Dinus</subfield>
      <subfield code="c">de Mugilo</subfield>
      <subfield code="d">1253-1303</subfield>
    </datafield>
    <datafield tag="400" ind1="0" ind2=" ">
      <subfield code="a">Dynus</subfield>
      <subfield code="c">de Rossonibus</subfield>
      <subfield code="d">1253-1303</subfield>
    </datafield>
    <datafield tag="400" ind1="0" ind2=" ">
      <subfield code="a">Dynus</subfield>
      <subfield code="d">1253-1303</subfield>
    </datafield>
    <datafield tag="400" ind1="0" ind2=" ">
      <subfield code="a">Dino</subfield>
      <subfield code="c">da Mugello</subfield>
      <subfield code="d">1253-1303</subfield>
      <subfield code="9">v:WBI</subfield>
    </datafield>
    <datafield tag="400" ind1="1" ind2=" ">
      <subfield code="a">Mugelanus, Dynus</subfield>
      <subfield code="d">1253-1303</subfield>
    </datafield>
    <datafield tag="400" ind1="0" ind2=" ">
      <subfield code="a">Dynus</subfield>
      <subfield code="c">Mugellanus</subfield>
      <subfield code="d">1253-1303</subfield>
    </datafield>
    <datafield tag="400" ind1="1" ind2=" ">
      <subfield code="a">Muxellanus, Dynus</subfield>
      <subfield code="d">1253-1303</subfield>
    </datafield>
    <datafield tag="400" ind1="0" ind2=" ">
      <subfield code="a">Dynus</subfield>
      <subfield code="c">Muxellanus</subfield>
      <subfield code="d">1253-1303</subfield>
    </datafield>
    <datafield tag="400" ind1="1" ind2=" ">
      <subfield code="a">Muxellis, Dynus &#152;de&#156;</subfield>
      <subfield code="d">1253-1303</subfield>
    </datafield>
    <datafield tag="400" ind1="0" ind2=" ">
      <subfield code="a">Dinus aus Mugello</subfield>
      <subfield code="d">1253-1303</subfield>
      <subfield code="9">v:(VD-16)</subfield>
    </datafield>
    <datafield tag="500" ind1="1" ind2=" ">
      <subfield code="0">(DE-101)119617781</subfield>
      <subfield code="0">(DE-588)119617781</subfield>
      <subfield code="0">https://d-nb.info/gnd/119617781</subfield>
      <subfield code="a">Berberius, Johannes</subfield>
      <subfield code="4">beza</subfield>
      <subfield code="4">https://d-nb.info/standards/elementset/gnd#acquaintanceshipOrFriendship</subfield>
      <subfield code="w">r</subfield>
      <subfield code="i">Bekanntschaft</subfield>
      <subfield code="e">Bekanntschaft</subfield>
      <subfield code="9">v:VD-16 Mitverf.</subfield>
    </datafield>
    <datafield tag="500" ind1="1" ind2=" ">
      <subfield code="0">(DE-101)104350415</subfield>
      <subfield code="0">(DE-588)104350415</subfield>
      <subfield code="0">https://d-nb.info/gnd/104350415</subfield>
      <subfield code="a">Bohier, Nicolas</subfield>
      <subfield code="d">1469-1539</subfield>
      <subfield code="4">beza</subfield>
      <subfield code="4">https://d-nb.info/standards/elementset/gnd#acquaintanceshipOrFriendship</subfield>
      <subfield code="w">r</subfield>
      <subfield code="i">Bekanntschaft</subfield>
      <subfield code="e">Bekanntschaft</subfield>
      <subfield code="9">v:VD-16 Mitverf.</subfield>
    </datafield>
    <datafield tag="500" ind1="1" ind2=" ">
      <subfield code="0">(DE-101)119645920</subfield>
      <subfield code="0">(DE-588)119645920</subfield>
      <subfield code="0">https://d-nb.info/gnd/119645920</subfield>
      <subfield code="a">Cornello, Francesco</subfield>
      <subfield code="4">beza</subfield>
      <subfield code="4">https://d-nb.info/standards/elementset/gnd#acquaintanceshipOrFriendship</subfield>
      <subfield code="w">r</subfield>
      <subfield code="i">Bekanntschaft</subfield>
      <subfield code="e">Bekanntschaft</subfield>
      <subfield code="9">v:VD-16 Mitverf.</subfield>
    </datafield>
    <datafield tag="500" ind1="1" ind2=" ">
      <subfield code="0">(DE-101)119653389</subfield>
      <subfield code="0">(DE-588)119653389</subfield>
      <subfield code="0">https://d-nb.info/gnd/119653389</subfield>
      <subfield code="a">Descousu, Celse Hugues</subfield>
      <subfield code="d">1480-1540</subfield>
      <subfield code="4">beza</subfield>
      <subfield code="4">https://d-nb.info/standards/elementset/gnd#acquaintanceshipOrFriendship</subfield>
      <subfield code="w">r</subfield>
      <subfield code="i">Bekanntschaft</subfield>
      <subfield code="e">Bekanntschaft</subfield>
      <subfield code="9">v:VD-16 Mitverf.</subfield>
    </datafield>
    <datafield tag="500" ind1="1" ind2=" ">
      <subfield code="0">(DE-101)118681206</subfield>
      <subfield code="0">(DE-588)118681206</subfield>
      <subfield code="0">https://d-nb.info/gnd/118681206</subfield>
      <subfield code="a">Du Moulin, Charles</subfield>
      <subfield code="d">1500-1566</subfield>
      <subfield code="4">beza</subfield>
      <subfield code="4">https://d-nb.info/standards/elementset/gnd#acquaintanceshipOrFriendship</subfield>
      <subfield code="w">r</subfield>
      <subfield code="i">Bekanntschaft</subfield>
      <subfield code="e">Bekanntschaft</subfield>
      <subfield code="9">v:VD-16 Mitverf.</subfield>
    </datafield>
    <datafield tag="500" ind1="1" ind2=" ">
      <subfield code="0">(DE-101)100201385</subfield>
      <subfield code="0">(DE-588)100201385</subfield>
      <subfield code="0">https://d-nb.info/gnd/100201385</subfield>
      <subfield code="a">Mandosi, Quintiliano</subfield>
      <subfield code="d">1514-1593</subfield>
      <subfield code="4">beza</subfield>
      <subfield code="4">https://d-nb.info/standards/elementset/gnd#acquaintanceshipOrFriendship</subfield>
      <subfield code="w">r</subfield>
      <subfield code="i">Bekanntschaft</subfield>
      <subfield code="e">Bekanntschaft</subfield>
      <subfield code="9">v:VD-16 Mitverf.</subfield>
    </datafield>
    <datafield tag="500" ind1="1" ind2=" ">
      <subfield code="0">(DE-101)124703909</subfield>
      <subfield code="0">(DE-588)124703909</subfield>
      <subfield code="0">https://d-nb.info/gnd/124703909</subfield>
      <subfield code="a">Saraina, Gabriele</subfield>
      <subfield code="4">beza</subfield>
      <subfield code="4">https://d-nb.info/standards/elementset/gnd#acquaintanceshipOrFriendship</subfield>
      <subfield code="w">r</subfield>
      <subfield code="i">Bekanntschaft</subfield>
      <subfield code="e">Bekanntschaft</subfield>
      <subfield code="9">v:VD-16 Mitverf.</subfield>
    </datafield>
    <datafield tag="500" ind1="1" ind2=" ">
      <subfield code="0">(DE-101)129073768</subfield>
      <subfield code="0">(DE-588)129073768</subfield>
      <subfield code="0">https://d-nb.info/gnd/129073768</subfield>
      <subfield code="a">Saur, Abraham</subfield>
      <subfield code="d">1545-1593</subfield>
      <subfield code="4">beza</subfield>
      <subfield code="4">https://d-nb.info/standards/elementset/gnd#acquaintanceshipOrFriendship</subfield>
      <subfield code="w">r</subfield>
      <subfield code="i">Bekanntschaft</subfield>
      <subfield code="e">Bekanntschaft</subfield>
      <subfield code="9">v:VD-16 Mitverf.</subfield>
    </datafield>
    <datafield tag="500" ind1="1" ind2=" ">
      <subfield code="0">(DE-101)124499546</subfield>
      <subfield code="0">(DE-588)124499546</subfield>
      <subfield code="0">https://d-nb.info/gnd/124499546</subfield>
      <subfield code="a">Saur, Conrad Gerhard</subfield>
      <subfield code="d">1572-</subfield>
      <subfield code="4">beza</subfield>
      <subfield code="4">https://d-nb.info/standards/elementset/gnd#acquaintanceshipOrFriendship</subfield>
      <subfield code="w">r</subfield>
      <subfield code="i">Bekanntschaft</subfield>
      <subfield code="e">Bekanntschaft</subfield>
      <subfield code="9">v:VD-16 Mitverf.</subfield>
    </datafield>
    <datafield tag="500" ind1="0" ind2=" ">
      <subfield code="0">(DE-101)119665956</subfield>
      <subfield code="0">(DE-588)119665956</subfield>
      <subfield code="0">https://d-nb.info/gnd/119665956</subfield>
      <subfield code="a">Eustathius Antecessor</subfield>
      <subfield code="4">beza</subfield>
      <subfield code="4">https://d-nb.info/standards/elementset/gnd#acquaintanceshipOrFriendship</subfield>
      <subfield code="w">r</subfield>
      <subfield code="i">Bekanntschaft</subfield>
      <subfield code="e">Bekanntschaft</subfield>
      <subfield code="9">v:VD-16 Mitverf.</subfield>
    </datafield>
    <datafield tag="548" ind1=" " ind2=" ">
      <subfield code="a">1253-1303</subfield>
      <subfield code="4">datl</subfield>
      <subfield code="4">https://d-nb.info/standards/elementset/gnd#dateOfBirthAndDeath</subfield>
      <subfield code="w">r</subfield>
      <subfield code="i">Lebensdaten</subfield>
      <subfield code="9">v:Geburts- und Sterbejahr circa</subfield>
    </datafield>
    <datafield tag="550" ind1=" " ind2=" ">
      <subfield code="0">(DE-101)040290506</subfield>
      <subfield code="0">(DE-588)4029050-5</subfield>
      <subfield code="0">https://d-nb.info/gnd/4029050-5</subfield>
      <subfield code="a">Jurist</subfield>
      <subfield code="4">berc</subfield>
      <subfield code="4">https://d-nb.info/standards/elementset/gnd#professionOrOccupation</subfield>
      <subfield code="w">r</subfield>
      <subfield code="i">Charakteristischer Beruf</subfield>
    </datafield>
    <datafield tag="667" ind1=" " ind2=" ">
      <subfield code="a">12-PMA</subfield>
    </datafield>
    <datafield tag="667" ind1=" " ind2=" ">
      <subfield code="a">12</subfield>
    </datafield>
    <datafield tag="667" ind1=" " ind2=" ">
      <subfield code="a">384</subfield>
    </datafield>
    <datafield tag="667" ind1=" " ind2=" ">
      <subfield code="a">7</subfield>
    </datafield>
    <datafield tag="667" ind1=" " ind2=" ">
      <subfield code="a">VD-17</subfield>
    </datafield>
    <datafield tag="667" ind1=" " ind2=" ">
      <subfield code="a">VD-16</subfield>
    </datafield>
    <datafield tag="670" ind1=" " ind2=" ">
      <subfield code="a">LMA,III,1068/69; Archivio Biografico Italiano I 366,315-318; 685,205; 850,22-24; 865,457; I S 3,306-310; II 209,333</subfield>
    </datafield>
    <datafield tag="670" ind1=" " ind2=" ">
      <subfield code="b">Stand: 22.04.2021</subfield>
      <subfield code="u">https://de.wikipedia.org/wiki/Dinus_de_Rossonis_Mugellanus</subfield>
    </datafield>
    <datafield tag="672" ind1=" " ind2="0">
      <subfield code="a">Super Infortiato et Digesto novo</subfield>
    </datafield>
    <datafield tag="672" ind1=" " ind2="0">
      <subfield code="a">Dinus &lt;Mugellanus&gt;: Consilia</subfield>
      <subfield code="f">1551</subfield>
    </datafield>
    <datafield tag="672" ind1=" " ind2="0">
      <subfield code="a">Dinus &lt;Mugellanus&gt;: Preclara et insignis lectura allegabilis et quotidiana super tit. de *</subfield>
      <subfield code="f">1518</subfield>
    </datafield>
    <datafield tag="672" ind1=" " ind2="0">
      <subfield code="a">Dinus &lt;Mugellanus&gt;: Commentarius in regulas iuris pontificii</subfield>
      <subfield code="f">1550</subfield>
    </datafield>
    <datafield tag="672" ind1=" " ind2="0">
      <subfield code="a">Dinus &lt;Mugellanus&gt;: De praescriptionibus</subfield>
      <subfield code="f">1599</subfield>
    </datafield>
    <datafield tag="672" ind1=" " ind2="0">
      <subfield code="a">Dinus &lt;Mugellanus&gt;: Commentaria in regulas iuris pontificii</subfield>
      <subfield code="f">1557</subfield>
    </datafield>
    <datafield tag="672" ind1=" " ind2="0">
      <subfield code="a">Dinus &lt;Mugellanus&gt;: Commentarii in regulas iuris pontificii</subfield>
      <subfield code="f">1617</subfield>
    </datafield>
    <datafield tag="672" ind1=" " ind2="0">
      <subfield code="a">Dinus &lt;Mugellanus&gt;: Commentarii in Regulas Juris Pontificii ...</subfield>
      <subfield code="f">1617</subfield>
    </datafield>
    <datafield tag="672" ind1=" " ind2="0">
      <subfield code="a">Dinus &lt;Mugellanus&gt;: Lectura super titulo de regulis juris libri sexti</subfield>
      <subfield code="f">1486</subfield>
    </datafield>
    <datafield tag="672" ind1=" " ind2="0">
      <subfield code="a">Dinus &lt;Mugellanus&gt;: Lectura super titulo de regulis juris libri sexti s.a.</subfield>
    </datafield>
    <datafield tag="672" ind1=" " ind2="0">
      <subfield code="a">Dinus &lt;Mugellanus&gt;: De Praescriptionibus, Das ist</subfield>
      <subfield code="f">1599</subfield>
    </datafield>
    <datafield tag="672" ind1=" " ind2="0">
      <subfield code="a">Dinus &lt;aus Mugello&gt;: DE PRAESCRIPTIONIBVS, Das ist: Ein Nutzli-ches kurtzes vnd sehr nothwendiges ...</subfield>
      <subfield code="f">1582 (VD16 D 1790)</subfield>
    </datafield>
    <datafield tag="672" ind1=" " ind2="0">
      <subfield code="a">Dinus &lt;aus Mugello&gt;: De regulis iuris praeclarus et insignis tractatus</subfield>
      <subfield code="f">1569 (VD16 ZV 4575)</subfield>
    </datafield>
    <datafield tag="672" ind1=" " ind2="0">
      <subfield code="a">Dinus &lt;aus Mugello&gt;: De regulis iuris praeclarus et insignis tractatus</subfield>
      <subfield code="f">1569 (VD16 ZV 4574)</subfield>
    </datafield>
    <datafield tag="672" ind1=" " ind2="0">
      <subfield code="a">Dinus &lt;aus Mugello&gt;: De regulis iuris praeclarus et insignis tractatus</subfield>
      <subfield code="f">1594 (VD16 ZV 4576)</subfield>
    </datafield>
    <datafield tag="672" ind1=" " ind2="0">
      <subfield code="a">Dinus &lt;aus Mugello&gt;: Tractatus de praescriptionibu</subfield>
      <subfield code="f">1599 (VD16 D 1791)</subfield>
    </datafield>
    <datafield tag="672" ind1=" " ind2="0">
      <subfield code="a">Dinus &lt;aus Mugello&gt;: De praesoriptionibvs, Das ist: Ein Nützliches kurtzes vnd sehr nothwendiges Tractätlein, von ...</subfield>
      <subfield code="f">1579(VD16 D 1789)</subfield>
    </datafield>
    <datafield tag="672" ind1=" " ind2="0">
      <subfield code="a">Dinus &lt;aus Mugello&gt;: DYNI MVXELLANI I. V. DOCT. CELEBERRIMI COMMENTARIVS IN REGVLAS IVRIS ...</subfield>
      <subfield code="f">1576(VD16 D 1784)</subfield>
    </datafield>
    <datafield tag="672" ind1=" " ind2="0">
      <subfield code="a">Mandosio, Quintiliano: Tractatus de praescriptionibus</subfield>
      <subfield code="f">1594(VD16 M 558)</subfield>
    </datafield>
    <datafield tag="672" ind1=" " ind2="0">
      <subfield code="a">Dinus &lt;aus Mugello&gt;</subfield>
      <subfield code="f">1525 (VD16 D 1783)</subfield>
    </datafield>
    <datafield tag="672" ind1=" " ind2="0">
      <subfield code="a">Berberius, Johannes: Aurea practica viatorium iuris inscripta</subfield>
      <subfield code="f">1576. (VD16 B 1757)</subfield>
    </datafield>
    <datafield tag="913" ind1=" " ind2=" ">
      <subfield code="S">pnd</subfield>
      <subfield code="i">5</subfield>
      <subfield code="a">Dinus &lt;Mugellanus&gt;</subfield>
      <subfield code="0">(DE-588a)100967396</subfield>
    </datafield>
    <datafield tag="913" ind1=" " ind2=" ">
      <subfield code="S">pnd</subfield>
      <subfield code="i">5</subfield>
      <subfield code="a">Dinus &lt;Mugellanus&gt;</subfield>
      <subfield code="0">(DE-588a)172500117</subfield>
    </datafield>
  </record>
